<record><leader>00000cas a22000007a 4500</leader><controlfield tag="001">15058071</controlfield><controlfield tag="008">870112d18831892inuwr ne      0    0eng d</controlfield><datafield ind1=" " ind2=" " tag="010"><subfield code="a">sn 87055055 </subfield></datafield><datafield ind1=" " ind2=" " tag="040"><subfield code="a">NPI</subfield><subfield code="b">eng</subfield><subfield code="c">NPI</subfield><subfield code="d">OCLCQ</subfield></datafield><datafield ind1=" " ind2=" " tag="042"><subfield code="a">msc</subfield></datafield><datafield ind1="0" ind2=" " tag="130"><subfield code="a">Democratic journal (Winamac, Ind.)</subfield></datafield><datafield ind1="1" ind2="4" tag="245"><subfield code="a">The Democratic journal.</subfield></datafield><datafield ind1=" " ind2=" " tag="260"><subfield code="a">Winamac, Ind. :</subfield><subfield code="b">M.H. Ingrim,</subfield><subfield code="c">1883-1892.</subfield></datafield><datafield ind1=" " ind2=" " tag="310"><subfield code="a">Weekly</subfield></datafield><datafield ind1="0" ind2=" " tag="362"><subfield code="a">Vol. 27, no. 12 (Oct. 20, 1883)-v. 36, no. 7 (Sept. 3, 1892).</subfield></datafield><datafield ind1=" " ind2=" " tag="752"><subfield code="a">United States</subfield><subfield code="b">Indiana</subfield><subfield code="c">Pulaski</subfield><subfield code="d">Winamac.</subfield></datafield><datafield ind1="0" ind2="4" tag="780"><subfield code="t">Winamac Democrat</subfield><subfield code="w">(DLC)sn 84038253</subfield></datafield><datafield ind1="0" ind2="4" tag="780"><subfield code="t">Winamac journal</subfield><subfield code="w">(DLC)sn 87055054</subfield></datafield><datafield ind1="0" ind2="0" tag="785"><subfield code="t">Winamac Democrat-journal</subfield><subfield code="w">(DLC)sn 87055056</subfield></datafield></record>